@article{alina2019strengthening,
  title={Strengthening personal concern and the willingness to act through climate change communication},
  author={Alina, Kuthe and Annemarie, K{\"o}rfgen and Johann, St{\"o}tter and Lars, Keller and Maximilian, Riede and Anna, Oberrauch},
  journal={Addressing the Challenges in Communicating Climate Change Across Various Audiences},
  pages={65--79},
  year={2019},
  publisher={Springer}
}



@report{basucurehberi2008,
  title={A’dan Z’ye iklim değişikliği başucu rehberi. Bölgesel Çevre. },
  author={Arıkan, Yunus and Özsoy, Gülçin},
  journal={Bölgesel Çevre Merkezi REC},
  pages={1--128},
  year={2008},
  publisher={Ajanstürk Matbaacılık AŞ}
}




@article{atik2010biyoccecsitlilik,
  title={Biyo{\c{c}}e{\c{s}}itlilik ve T{\"u}rkiye'deki Endemik Bitkilere {\"O}rnekler.},
  author={AT{\.I}K, Ali Derya and {\"O}ZTEK{\.I}N, Mehtap and ERKO{\c{C}}, Figen},
  journal={Gazi University Journal of Gazi Educational Faculty (GUJGEF)},
  volume={30},
  number={1},
  year={2010}
}



@link{autocontent,
  title={Automated Content Analysis – digicomlab.},
  link={https://www.digicomlab.eu/research/automated-content-analysis/},
}




@article{aydin2011sosyal,
  title={SOSYAL B{\.I}L{\.I}MLER L{\.I}SES{\.I} {\"O}{\u{G}}RENC{\.I}LER{\.I}N{\.I}N {\c{C}}EVRE DUYARLILIKLARININ DE{\u{G}}ERLEND{\.I}R{\.I}LMES{\.I}},
  author={AYDIN, Fatih and H{\"u}seyin, KAYA},
  journal={Marmara Co{\u{g}}rafya Dergisi},
  number={24},
  pages={229--257},
  year={2011}
}



@link{bestpracticesforexcellence,
  title={Best Practices for Excellence in Public Relations},
  link={https://saylordotorg.github.io/text_mastering-public-relations/s13-best-practices-for-excellence-.html},
}



@article{boussalis2016text,
  title={Text-mining the signals of climate change doubt},
  author={Boussalis, Constantine and Coan, Travis G},
  journal={Global Environmental Change},
  volume={36},
  pages={89--100},
  year={2016},
  publisher={Elsevier}
}


@article{bracking2021climate,
  title={Climate finance governance: Fit for purpose?},
  author={Bracking, Sarah and Leffel, Benjamin},
  journal={Wiley Interdisciplinary Reviews: Climate Change},
  volume={12},
  number={4},
  pages={e709},
  year={2021},
  publisher={Wiley Online Library}
}



@article{broom2013cutlip,
  title={Cutlip and Center’s Effective Public Relations, Cutlip and Center’s Effective Public Relations},
  author={Broom, GM and Sha, BL},
  year={2013}
}



@article{brulle2021role,
  title={The role of public relations firms in climate change politics},
  author={Brulle, Robert J and Werthman, Carter},
  journal={Climatic Change},
  volume={169},
  number={1-2},
  pages={8},
  year={2021},
  publisher={Springer}
}


@article{bruning2008using,
  title={Using dialogue to build organization--public relationships, engage publics, and positively affect organizational outcomes},
  author={Bruning, Stephen D and Dials, Melissa and Shirka, Amanda},
  journal={Public Relations Review},
  volume={34},
  number={1},
  pages={25--31},
  year={2008},
  publisher={Elsevier}
}


@article{burkart2007,
  author = {Burkart, R.},
  title = {On Jürgen Habermas and Public Relations},
  journal = {Public Relations Review},
  volume = {33},
  number = {2},
  pages = {249-254},
  year = {2007},
  doi = {10.1016/j.pubrev.2007.05.002},
}


@article{burnap2015,
  author = {Burnap, Peter and Gibson, Rachel and Sloan, Luke and Southern, Rosamund and Williams, Matthew},
  title = {140 characters to victory? Using Twitter to predict the UK 2015 General Election},
  journal = {Electoral Studies},
  year = {2015},
  doi = {10.1016/j.electstud.2015.11.017},
}



@article{cho2014,
  author = {Cho, Moonhee and Schweickart, Thomas and Haase, Andrea},
  title = {Public Engagement with Nonprofit Organizations on Facebook},
  journal = {Public Relations Review},
  volume = {40},
  number = {3},
  pages = {565-567},
  year = {2014},
  doi = {10.1016/j.pubrev.2014.01.008},
}


@misc{oxfordlearnersdict_climatechange,
  title = {climate-change noun - Definition, pictures, pronunciation and usage notes},
  howpublished = {Oxford Advanced Learner’s Dictionary at OxfordLearnersDictionaries.com},
  year = {n.d.},
  note = {Accessed July 12, 2022},
  url = {https://www.oxfordlearnersdictionaries.com/definition/english/climate-change?q=climate+change},
}


@misc{oxfordlearnersdict_climatecrisis,
  title = {climate-crisis noun - Definition, pictures, pronunciation and usage notes},
  howpublished = {Oxford Advanced Learner’s Dictionary at OxfordLearnersDictionaries.com},
  year = {n.d.},
  note = {Accessed December 19, 2020},
  url = {https://www.oxfordlearnersdictionaries.com/definition/english/climate-crisis?q=climate+crisis},
}


@misc{communicationtheory_constructivism,
  title = {Constructivism},
  howpublished = {Communication Theory},
  year = {n.d.},
  note = {Accessed February 23, 2021},
  url = {https://www.communicationtheory.org/constructivism/},
}


@article{cetintas2017,
  author = {Çetintaş, H. and Türköz, K.},
  title = {İklim Değişikliği ile Mücadelede Karbon Piyasalarının Rolü},
  journal = {June},
  pages = {147-168},
  year = {2017},
}


@online{cevre-iklim-degisikligi-cg,
  author = {Çevre ve İklim Değişikliği Çalışma Grubu},
  title = {Çevre ve İklim Değişikliği Çalışma Grubu},
  year = {n.d.},
  url = {https://tusiad.org/tr/cevre-iklim-degisikligi-cg},
  urldate = {2021-08-09}
}


@article{damato2014climate,
  author = {D'Amato, G. and Bergmann, K. C. and Cecchi, L. and Annesi-Maesano, I. and Sanduzzi, A. and Liccardi, G. and D'Amato, M.},
  title = {Climate change and air pollution - Effects on pollen allergy and other allergic respiratory diseases},
  journal = {Allergo Journal},
  volume = {23},
  number = {1},
  year = {2014},
  pages = {32-38},
  doi = {10.1007/S15007-014-0484-1/FIGURES/2}
}


@article{demir2018kamu,
  author = {Demir, Z. G. and Şatır, Ç. K.},
  title = {Kamuların Durumsal Kuramı Bağlamında Stratejik Halkla İlişkilerde Kamu Segmentleri: Türkiye’deki Aktif, Uyanmış ve Gizli Kamuların Porfili},
  journal = {Gümüşhane Üniversitesi İletişim Fakültesi Elektronik Dergisi},
  volume = {6},
  number = {2},
  year = {2018}
}


@article{demirci2016islevsel,
  author = {Demirci, M.},
  title = {İşlevsel Açıdan İklim Değişikliği Politika Anlatıları},
  journal = {Siyaset Ekonomi ve Yönetim Araştırmaları Dergisi},
  volume = {4},
  number = {3},
  year = {2016},
  pages = {1-23}
}


@article{dhanda2019climate,
  author = {Dhanda, K.},
  title = {Climate Change: A Call To Action},
  journal = {Management Decision},
  publisher = {Emerald Group Publishing Ltd.},
  year = {2019},
  doi = {10.1108/MD-09-2019-023}
}


@article{dogan2011kuresel,
  author = {Doğan, S. and Tüzer, M.},
  title = {Küresel İklim Değişikliği ve Potansiyel Etkileri},
  journal = {C.Ü. İktisadi ve İdari Bilimler Dergisi},
  volume = {1},
  year = {2011}
}


@article{dubey2021climate,
  author = {Dubey, I. and Sudhakar, P.},
  title = {Climate Change, Pesticides And Biodiversity: A Review},
  year = {2021},
  doi = {10.53390/ijbs.v12.i1.8}
}


@article{edelmann2020computational,
  author = {Edelmann, Achim and Wolff, Tim and Montagne, David and Bail, Christopher A.},
  title = {Computational Social Science and Sociology},
  year = {2020},
  doi = {10.1146/annurev-soc-121919}
}


@article{eden2015iklim,
  title={{\.I}klim Krizi ve Yapt{\i}rmamak},
  author={Eden, Sinan},
  journal={{\.I}stanbul: Doruk Yay{\i}nlar{\i}},
  year={2015}
}


@article{entman1993framing,
  author = {Entman, Robert M.},
  title = {Framing: Toward Clarification of a Fractured Paradigm},
  journal = {Journal of Communication},
  number = {43},
  year = {1993}
}


@article{estanyol2012marketing,
  author = {Estanyol, Ester},
  title = {Marketing, Public Relations, and How Web 2.0 is Changing Their Relationship: A Qualitative Assessment of PR Consultancies Operating in Spain},
  journal = {Public Relations Review},
  volume = {38},
  number = {5},
  year = {2012},
  pages = {831-837},
  doi = {10.1016/j.pubrev.2012.04.006}
}


@incollection{evans2018communicating,
  author = {Evans, Cheryl H. and Dyll, Lisa and Teer-Tomaselli, Ruth},
  title = {Communicating Climate Change: Theories and Perspectives},
  booktitle = {Handbook of Climate Change Communication},
  volume = {1},
  year = {2018},
  pages = {107-122}
}


@inproceedings{fe2019philippine,
  author = {Fe Villamejor-Mendoza, Ma.},
  title = {Philippine Private Sector Engagement Beyond Climate Change Awareness. Addressing the Challenges in Communicating Climate Change Across Various Audiences},
  year = {2019},
  pages = {81-100}
}


@article{flor2005environmental,
  author = {Flor, Alexander G.},
  title = {Environmental Communication: Principles, Approaches and Strategies of Communication Applied to Environmental Management},
  journal = {Applied Environmental Education and Communication},
  volume = {4},
  number = {2},
  year = {2005},
  pages = {197-198},
  doi = {10.1080/15330150590934480}
}


@inproceedings{foulger2005ecological,
  author = {Foulger, Davis},
  title = {An Ecological Model of the Communication Process},
  booktitle = {Proceedings of the 2005 International Communication Association},
  pages = {1-13},
  year = {2005},
  url = {http://davis.foulger.info/papers/ecologicalModelOfCommunication.htm}
}



@article{frohlich2013conceptualising,
  author = {Fröhlich, Jonna and Knieling, Jörg},
  title = {Conceptualising Climate Change Governance},
  journal = {Climate Change Management},
  year = {2013},
  pages = {9-26},
  doi = {10.1007/978-3-642-29831-8_2}
}


@article{fyfe2010advanced,
  author = {Fyfe, Colin},
  title = {Advanced Information and Knowledge Processing},
  journal = {General Systems},
  year = {2010}
}



@article{glasgow2018public,
  author = {Glasgow, Linda and Langaigne, Benjamin and Thomas, Cordella and Harvey, Omaira and Campbell, Eric A.},
  title = {Public Knowledge and Attitudes towards Climate Change and Its Impacts on Ecosystems in Grenada},
  journal = {American Journal of Climate Change},
  volume = {07},
  number = {04},
  year = {2018},
  pages = {600-610},
  doi = {10.4236/ajcc.2018.74037}
}


@article{goldemberg2018household,
  author = {Goldemberg, Jose and Martinez-Gomez, Javier and Sagar, Ambuj and Smith, Kirk R.},
  title = {Household Air Pollution, Health, and Climate Change: Cleaning the Air},
  journal = {Environmental Research Letters},
  volume = {13},
  number = {3},
  year = {2018},
  pages = {030201},
  doi = {10.1088/1748-9326/AAA49D}
}


@article{grimmer2013text,
  author = {Grimmer, Justin and Stewart, Brandon M.},
  title = {Text as Data: The Promise and Pitfalls of Automatic Content Analysis Methods for Political Texts},
  journal = {Political Analysis},
  volume = {21},
  number = {3},
  year = {2013},
  pages = {267-297},
  doi = {10.1093/pan/mps028}
}


@article{grunig2009paradigms,
  author = {Grunig, James E.},
  title = {Paradigms of Global Public Relations in an Age of Digitalisation},
  journal = {PRism Journal},
  volume = {6},
  number = {2},
  year = {2009},
  pages = {1-19},
  url = {http://praxis.massey.ac.nz/prism_on-line_journ.html}
}



@article{grunig2008excellence,
  author = {Grunig, James E. and Grunig, Larissa A.},
  title = {Excellence Theory in Public Relations: Past, Present, and Future},
  journal = {Public Relations Research},
  year = {2008},
  month = {January},
  pages = {327-347},
  doi = {10.1007/978-3-531-90918-9}
}


@article{grunig1995models,
  author = {Grunig, James E. and Grunig, Larissa A. and Sriramesh, Krishnamurthy and Huang, Yin-Hui and Lyra, Ana},
  title = {Models of Public Relations in an International Setting},
  journal = {Journal of Public Relations Research},
  volume = {7},
  number = {3},
  year = {1995},
  pages = {163-186},
  doi = {10.1207/s1532754xjprr0703_01}
}


@inbook{grunig1984managing,
  author = {Grunig, James E. and Hunt, Todd},
  title = {Managing Public Relations},
  booktitle = {Entertainment Management: Towards Best Practice},
  publisher = {College Publishing},
  year = {1984},
  doi = {10.2307/j.ctv5jxpgx.10}
}



@book{grunig2002excellent,
  author = {Grunig, Larissa A. and Grunig, James E. and Dozier, David M.},
  title = {Excellent Public Relations and Effective Organizations: A Study of Communication Management in Three Countries},
  year = {2002},
  address = {London \& New Jersey}
}


@book{gucdemir2015sanal,
  author = {Güçdemir, Yusuf},
  title = {Sanal Ortamda İletişim - Bir Halkla İlişkiler Perspektifi},
  year = {2015}
}


@article{gunay2021media,
  author = {Günay, Deniz and İşeri, Esra and Ersoy, Merve and Elega, Ali A.},
  title = {Media Framing of Climate Change Action in Carbon Locked-in Developing Countries: Adaptation or Mitigation?},
  journal = {Environmental Communication},
  year = {2021},
  doi = {10.1080/17524032.2021.1885462}
}


@article{gunay2018sosyal,
  author = {Günay, Kemal},
  title = {Sosyal Medyada İçerik Merkezli İletişim: Üniversiteler Üzerine Bir Araştırma},
  journal = {İstanbul},
  year = {2018}
}


@incollection{hansen2020ireland,
  author = {Hansen, Anders and Depoe, Stephen},
  title = {Ireland and the Climate Crisis},
  booktitle = {Palgrave Studies in Media and Environmental Communication},
  editor = {Robbins, David and Torney, Diarmuid and Brereton, Pat},
  publisher = {Palgrave Macmillan},
  year = {2020},
  doi = {10.1007/978-3-030-47587-1}
}


@book{hansen2016communicating,
  author = {Hansen, Anders and Depoe, Stephen and Allan, Stuart and Anderson, Alison and Craig, Geoffrey and Doyle, Julie and Smith, Jennifer},
  title = {Communicating Climate Change},
  year = {2016},
  url = {http://www.springer.com/series/14612}
}


@article{harlow2006karl,
  author = {Harlow, Steve and Cummings, Robert and Aberasturi, Sara M.},
  title = {Karl Popper and Jean Piaget: A Rationale for Constructivism},
  journal = {Educational Forum},
  volume = {71},
  number = {1},
  year = {2006},
  pages = {41-48},
  doi = {10.1080/00131720608984566}
}


@article{harlow2017protest,
  author = {Harlow, Summer and Salaverría, Ramón and Kilgo, Danielle K. and García-Perdomo, Victor},
  title = {Protest Paradigm in Multimedia: Social Media Sharing of Coverage About the Crime of Ayotzinapa, Mexico},
  journal = {Journal of Communication},
  volume = {67},
  number = {3},
  year = {2017},
  pages = {328-349},
  doi = {10.1111/JCOM.12296}
}



@book{harvey2016climate,
  author = {Harvey, Mark},
  title = {Climate Emergency: How Societies Create the Crisis},
  year = {2016}
}


@article{hoegh2007coral,
  author = {Hoegh-Guldberg, Ove and Mumby, Peter J. and Hooten, Mevin J. and Steneck, Robert S. and Greenfield, Patrick and Gomez, Edgardo and Hatziolos, Marea E.},
  title = {Coral Reefs Under Rapid Climate Change and Ocean Acidification},
  journal = {Science},
  volume = {318},
  number = {5857},
  year = {2007},
  pages = {1737-1742}
}


@article{huang2022climate,
  author = {Huang, Qianqian and Lin, Ming},
  title = {Do Climate Risk Beliefs Shape Corporate Social Responsibility?},
  journal = {Global Finance Journal},
  volume = {53},
  year = {2022},
  pages = {100739},
  doi = {10.1016/J.GFJ.2022.100739}
}


@article{jang2015polarized,
  author = {Jang, S. Mo and Hart, Philip S.},
  title = {Polarized Frames on "Climate Change" and "Global Warming" across Countries and States: Evidence from Twitter Big Data},
  journal = {Global Environmental Change},
  volume = {32},
  year = {2015},
  pages = {11-17},
  doi = {10.1016/j.gloenvcha.2015.02.010}
}


@article{jaworska2018change,
  author = {Jaworska, Sylvia},
  title = {Change But No Climate Change: Discourses of Climate Change in Corporate Social Responsibility Reporting in the Oil Industry},
  journal = {Journal of Business and Technical Communication},
  volume = {55},
  number = {2},
  year = {2018},
  pages = {194-219},
  doi = {10.1177/2329488417753951}
}


@article{kelleher2009conversational,
  author = {Kelleher, Timothy},
  title = {Conversational Voice, Communicated Commitment, and Public Relations Outcomes in Interactive Online Communication},
  journal = {Journal of Communication},
  volume = {59},
  number = {1},
  year = {2009},
  pages = {172-188},
  doi = {10.1111/j.1460-2466.2008.01410.x}
}


@article{kent1998building,
  author = {Kent, Michael L. and Taylor, Maureen},
  title = {Building Dialogic Relationships Through the World Wide Web},
  journal = {Public Relations Review},
  volume = {24},
  number = {3},
  year = {1998},
  pages = {321-334},
  doi = {10.1016/S0363-8111(99)80143-X}
}


@article{kent2002toward,
  author = {Kent, Michael L. and Taylor, Maureen},
  title = {Toward a Dialogic Theory of Public Relations},
  journal = {Public Relations Review},
  volume = {28},
  number = {1},
  year = {2002},
  pages = {21-37},
  doi = {10.1016/S0363-8111(02)00108-X}
}


@article{komodromos2014study,
  author = {Komodromos, Marios},
  title = {A Study of PR Practitioners' Use of Social Media Tools in Cyprus},
  journal = {Journal of Developmental Entrepreneurship},
  volume = {19},
  number = {2},
  year = {2014},
  doi = {10.1142/S1084946714500113}
}


@misc{kus2019suriyeli,
  author = {Kuş, Oğuz},
  title = {Suriyeli Mültecilerin Sosyal Entegrasyonunda Halkla İlişkilerin Rolü},
  year = {2019}
}


@online{kyoto2019kyoto,
  author = {Kyoto Protokolü / T.C. Dışişleri Bakanlığı},
  title = {Kyoto Protokolü},
  year = {2019},
  url = {https://www.mfa.gov.tr/kyoto-protokolu.tr.mfa},
  note = {Accessed on May 8, 2021}
}


@article{landrigan2018lancet,
  author = {Landrigan, Philip J. and Fuller, Richard and Acosta, Nereus J. R. and Adeyi, Olusoji and Arnold, Robert and Basu, Nil and Zhong, Maomao},
  title = {The Lancet Commission on Pollution and Health},
  journal = {The Lancet},
  volume = {391},
  number = {10119},
  year = {2018},
  pages = {462-512},
  doi = {10.1016/S0140-6736(17)32345-0}
}


@article{langer1999towards,
  author = {Langer, Roy},
  title = {Towards a Constructivist Communication Theory? Report from Germany},
  journal = {Nordicom-Information},
  volume = {21},
  number = {1-2},
  year = {1999},
  pages = {75-86}
}



@article{laskin2012public,
  author = {Laskin, Alexander V.},
  title = {Public Relations Scales: Advancing the Excellence Theory},
  journal = {Journal of Communication Management},
  year = {2012},
  doi = {10.1108/13632541211278996}
}


@incollection{leal2019overview,
  author = {Leal Filho, Walter},
  title = {An Overview of the Challenges in Climate Change Communication Across Various Audiences},
  booktitle = {Addressing the Challenges in Communicating Climate Change Across Various Audiences},
  year = {2019},
  pages = {1-11}
}



@book{leal2019addressing,
  editor = {Leal Filho, Walter and Lackner, Birgit and McGhie, Helga},
  title = {Addressing the Challenges in Communicating Climate Change Across Various Audiences},
  publisher = {Springer},
  year = {2019}
}



@article{lorenzoni2007barriers,
  author = {Lorenzoni, Irene and Nicholson-Cole, Sophie and Whitmarsh, Lorraine},
  title = {Barriers Perceived to Engaging with Climate Change Among the UK Public and Their Policy Implications},
  journal = {Global Environmental Change},
  volume = {17},
  number = {3-4},
  year = {2007},
  pages = {445-459},
  doi = {10.1016/j.gloenvcha.2007.01.004}
}




@article{mahl2020bit,
  author = {Mahl, Daniel and Guenther, Lisa and Schäfer, Mike S. and Meyer, Christian and Siegen, David},
  title = {“We Are a Bit Blind About It”: A Qualitative Analysis of Climate Change-Related Perceptions and Communication Across South African Communities},
  journal = {Environmental Communication},
  volume = {14},
  number = {6},
  year = {2020},
  pages = {802-815},
  doi = {10.1080/17524032.2020.1736116}
}



@article{martens2002mission,
  author = {Martens, Kerstin},
  title = {Mission Impossible? Defining Nongovernmental Organizations},
  journal = {Voluntas},
  volume = {13},
  number = {3},
  year = {2002},
  pages = {271-285},
  doi = {10.1023/A:1020341526691}
}



@article{mathieu2017cross,
  author = {Mathieu, David and Pavlíčková, Tereza},
  title = {Cross-media within the Facebook newsfeed: The role of the reader in cross-media uses},
  journal = {Convergence: The International Journal of Research into New Media Technologies},
  volume = {23},
  number = {4},
  year = {2017},
  pages = {425-438},
  doi = {10.1177/1354856517700383}
}



@article{mavimbela2018perceived,
  author = {Mavimbela, Musawenkosi and Conradie, Dirk and Dondolo, Hayley},
  title = {Perceived Benefits And Challenges Regarding The Use Of Social Media For Public Relations Activities},
  journal = {COMMUNITAS},
  volume = {23},
  number = {1},
  year = {2018},
  pages = {39-52},
  doi = {10.18820/24150525/comm.v23.3}
}


@article{mcadam2017social,
  author = {Mcadam, Doug},
  title = {Social Movement Theory and the Prospects for Climate Change Activism in the United States},
  year = {2017},
  doi = {10.1146/annurev-polisci-052615}
}


@article{mccrimmon2005thought,
  author = {McCrimmon, Mitch},
  title = {Thought leadership: A radical departure from traditional, positional leadership},
  journal = {Management Decision},
  volume = {43},
  number = {7-8},
  year = {2005},
  pages = {1064-1070},
  doi = {10.1108/00251740510610062}
}



@online{meadowcroft2009climate,
  author = {Meadowcroft, James},
  title = {Climate Change Governance},
  year = {2009},
  url = {http://econ.worldbank.org}
}


@article{men2018social,
  author = {Men, Linjuan Rita and Tsai, Wan-Hsiu Sunny and Chen, Zifei Fiona and Ji, Yegi},
  title = {Social presence and digital dialogic communication: engagement lessons from top social CEOs},
  volume = {30},
  number = {3},
  year = {2018},
  pages = {83-99},
  doi = {10.1080/1062726X.2018.1498341}
}



@article{mersey2010engagement,
  author = {Mersey, Rachel D. and Malthouse, Edward C. and Calder, Bobby J.},
  title = {Engagement with Online Media _ Enhanced Reader},
  journal = {Journal of Media Business Studies},
  year = {2010},
  pages = {39-56}
}



@article{miller2021heat,
  author = {Miller, Sebastian and Chua, Kelly and Coggins, Jay and Mohtadi, Hamid},
  title = {Heat Waves, Climate Change, and Economic Output},
  journal = {Journal of The European Economic Association},
  volume = {19},
  number = {5},
  year = {2021},
  pages = {2658-2694},
  doi = {10.1093/JEEA/JVAB009}
}



@article{molder2021framing,
  author = {Molder, Agnes L. and Lakind, Anna and Clemmons, Zaeemah E. and Chen, Kehui},
  title = {Framing the Global Youth Climate Movement: A Qualitative Content Analysis of Greta Thunberg’s Moral, Hopeful, and Motivational Framing on Instagram},
  volume = {27},
  number = {3},
  year = {2021},
  pages = {668-695},
  doi = {10.1177/19401612211055691}
}



@article{moreno2015does,
  author = {Moreno, Angeles and Navarro, Carlos and Tench, Ralph and Zerfass, Ansgar},
  title = {Does social media usage matter? An analysis of online practices and digital media perceptions of communication practitioners in Europe},
  journal = {Public Relations Review},
  volume = {41},
  number = {2},
  year = {2015},
  pages = {242-253},
  doi = {10.1016/j.pubrev.2014.12.006}
}



@incollection{morgan2018science,
  author = {Morgan, Elizabeth A. and Marques Di Giulio, Gabriela},
  title = {Science and Evidence-Based Climate Change Policy: Collaborative Approaches to Improve the Science–Policy Interface},
  booktitle = {Communicating Climate Change Information for Decision-Making},
  year = {2018},
  pages = {13-28}
}


@incollection{munger2019avoiding,
  author = {Munger, Stacey},
  title = {Avoiding Dispatches from Hell: Communicating Extreme Events in a Persuasive, Proactive Context},
  booktitle = {Addressing the Challenges in Communicating Climate Change Across Various Audiences},
  year = {2019},
  pages = {115-127}
}



@article{nazari2018climate,
  author = {Nazari-Sharabian, Mohammad and Ahmad, Shafiq and Karakouzian, Martik},
  title = {Climate Change and Eutrophication: A Short Review},
  journal = {Engineering, Technology and Applied Science Research},
  volume = {8},
  number = {6},
  year = {2018},
  url = {https://digitalscholarship.unlv.edu/fac_articles/562}
}



@article{nisbet2007polls,
  author = {Nisbet, Matthew C. and Myers, Teresa},
  title = {The Polls—TrendsTwenty Years of Public Opinion about Global Warming},
  journal = {Public Opinion Quarterly},
  volume = {71},
  number = {3},
  year = {2007},
  pages = {444-470},
  doi = {10.1093/POQ/NFM031}
}


@online{nisbet2019normal,
  title = {Normal Distribution - Can a sample larger than 5,000 data points be tested for normality using shapiro.test by applying the test to a subsample? - Cross Validated},
  url = {https://stats.stackexchange.com/questions/446262/can-a-sample-larger-than-5-000-data-points-be-tested-for-normality-using-shapiro},
  urldate = {May 19, 2022}
}


@article{okay2021turkish,
  author = {Okay, Aydemir and Ašanin Gole, Petra and Okay, Aslı},
  title = {Turkish and Slovenian health ministries’ use of Twitter: a comparative analysis},
  journal = {Corporate Communications},
  volume = {26},
  number = {1},
  year = {2021},
  pages = {176-191},
  doi = {10.1108/CCIJ-01-2020-0019}
}



@article{ozer2017iklim,
  author = {Özer, Yeşim E.},
  title = {İklim Deği̇şi̇kli̇ği Yöneti̇şi̇mi̇ndeki̇ Aktörleri̇n Anali̇zi̇ ve Türki̇ye},
  journal = {International Journal of Management Economics and Business},
  volume = {13},
  number = {4},
  pages = {0-0},
  year = {2017},
  doi = {10.17130/ijmeb.2017433411}
}



@article{ozmen2011cevre,
  author = {Özmen, Şehriban Yılmaz},
  title = {Çevre İletişimi: Çevre Haberciliğinin Yapısal Analizi ve Okuyucu Farkındalığı},
  year = {2011}
}



@incollection{ozuyar2019lessons,
  author = {Özuyar, Pınar Gültekin},
  title = {Lessons Learned About the Hindering Factors for Regional Cooperation Towards the Mitigation of Climate Change},
  booktitle = {Addressing the Challenges in Communicating Climate Change Across Various Audiences},
  year = {2019},
  pages = {101-114}
}


@article{parry2009assessing,
  author = {Parry, Martin and Arnell, Nigel and Berry, Pam and Dodman, David and Fankhauser, Samuel and Hope, Chris and Wheeler, Tim},
  title = {Assessing The Costs of Adaptation to Climate Change: A Review of The UNFCCC and Other Recent Estimates},
  year = {2009},
  doi = {10.1641/0006-3568(2001)051[0723:CCAFD]2.0.CO;2}
}


@article{pearce2019social,
  author = {Pearce, Warren and Niederer, Sabine and Özkula, Şeyda M. and Sánchez Querubín, Natalia},
  title = {The social media life of climate change: Platforms, publics, and future imaginaries},
  journal = {Wiley Interdisciplinary Reviews: Climate Change},
  volume = {10},
  number = {2},
  year = {2019},
  pages = {1-13},
  doi = {10.1002/wcc.569}
}



@misc{phillipsleverwealth,
  author = {Phillips, David},
  title = {LeverWealth: A Grunigian view of modern PR},
  url = {http://leverwealth.blogspot.com/2009/01/grunigian-view-of-modern-pr.html},
  urldate = {May 17, 2022}
}



@article{pielke2004what,
  author = {Pielke, Roger A.},
  title = {What Is Climate Change?},
  journal = {Energy & Environment},
  volume = {15},
  number = {3},
  year = {2004},
  pages = {515-520},
  url = {http://www.unep.ch/ipcc/pub/sarsy}
}



@incollection{ponthieu2019climate,
  author = {Ponthieu, Emeline},
  title = {The Climate Crisis, Democracy and Governance - Transition in The Steps: Action Points for Governments},
  year = {2019},
  doi = {10.1007/978-3-030-58127-5_2}
}


@misc{povertydeath2020,
  title = {Poverty & Death: Disaster and Mortality 1996-2015 - World | ReliefWeb},
  year = {2020},
  url = {https://reliefweb.int/report/world/poverty-death-disaster-and-mortality-1996-2015},
  urldate = {July 21, 2022}
}


@article{prochaska1983stages,
  author = {Prochaska, James O. and DiClemente, Carlo C.},
  title = {Stages And Processes Of Self-Change Of Smoking: Toward An İntegrative Model Of Change},
  journal = {Journal Of Consulting And Clinical Psychology},
  volume = {51},
  number = {3},
  year = {1983},
  pages = {390-395},
  doi = {10.1037//0022-006X.51.3.390}
}



@incollection{purath2019blogging,
  author = {Purath Mohankumar Sajeev, Eldho and Mintz-Woo, Kian and Damert, Matthias and Brunner, Lina and Eise, Julian},
  title = {Blogging Climate Change: A Case Study},
  booktitle = {Addressing the Challenges in Communicating Climate Change Across Various Audiences},
  year = {2019},
  pages = {129-142}
}



@article{rao2013better,
  author = {Rao, Sheela and Pachauri, Shonali and Dentener, Frank and Kinney, Patrick and Klimont, Zbigniew and Riahi, Keywan and Schoepp, Wolfgang},
  title = {Better Air For Better Health: Forging Synergies İn Policies For Energy Access, Climate Change And Air Pollution},
  journal = {Global Environmental Change},
  volume = {23},
  number = {5},
  year = {2013},
  pages = {1122-1130},
  doi = {10.1016/J.GLOENVCHA}
}




@article{ripple2019world,
  title={World Scientists’ Warning of a Climate Emergency Reducing the Impacts of Massive “Development Corridors” on Africa’s Equatorial Forests},
  author={Ripple, William J and Newsome, Thomas M and Barnard, Phoebe and Moura, Cristiano},
  year={2019},
  url={https://academic.oup.com/bioscience}
}


@article{rogers1988agenda,
  title={Agenda-Setting Research: Where Has It Been, Where Is It Going?},
  author={Rogers, Everett M and Dearing, James},
  journal={Communication Yearbook},
  volume={12},
  pages={555--594},
  year={1988},
  url={https://www.researchgate.net/publication/263809220}
}


@incollection{roy2018evaluating,
  title={Evaluating the Suitability of Community-Based Adaptation: A Case Study of Bangladesh},
  author={Roy, Robin},
  booktitle={Handbook of Climate Change Communication: Practice of Climate Change Communication},
  editor={Hein, Lars and Gitsels, Laura and Jonkhoff, Aniek M.L.},
  pages={39--59},
  year={2018}
}


@article{rybalko2010dialogic,
  title={Dialogic communication in 140 characters or less: How Fortune 500 companies engage stakeholders using Twitter},
  author={Rybalko, S. and Seltzer, T.},
  journal={Public Relations Review},
  volume={36},
  number={4},
  pages={336--341},
  year={2010},
  doi={10.1016/j.pubrev.2010.08.004}
}


@article{sallot2009aardvark,
  title={From Aardvark to Zebra: A New Millennium Analysis of Theory Development in Public Relations Academic Journals},
  author={Sallot, Lynn M and Lyon, L. Jennifer and Acosta-Alzuru, Carolina and Ogata Jones, Kumi},
  journal={},
  volume={21},
  number={1},
  pages={27--90},
  year={2009},
  doi={https://doi.org/10.1207/S1532754XJPRR1501_2}
}


@article{saxton2014stakeholders,
  title={What do Stakeholders Like on Facebook? Examining Public Reactions to Nonprofit Organizations’ Informational, Promotional, and Community-Building Messages},
  author={Saxton, Gregory D and Waters, Richard D},
  journal={Journal of Public Relations Research},
  volume={26},
  number={3},
  pages={280--299},
  year={2014},
  doi={10.1080/1062726X.2014.908721}
}


@article{schaefer2014media,
  title={Media Representations Of Climate Change: A Meta-Analysis Of The Research Field},
  author={Schäfer, Mike S and Schlichting, Ida},
  journal={Environmental Communication},
  volume={8},
  number={2},
  pages={142--160},
  year={2014},
  doi={10.1080/17524032.2014.914050}
}


@article{schmidt2013media,
  title={Media Attention For Climate Change Around The World: A Comparative Analysis Of Newspaper Coverage İn 27 Countries},
  author={Schmidt, Ana and Ivanova, Adriana and Schäfer, Mike S},
  journal={Global Environmental Change},
  volume={23},
  number={5},
  pages={1233--1248},
  year={2013},
  doi={10.1016/j.gloenvcha.2013.07.020}
}


@article{schoenfeld1969whats,
  title={What’s New About Environmental Education?},
  author={Schoenfeld, Carl A},
  journal={Environmental Education},
  volume={1},
  number={1},
  pages={1--4},
  year={1969},
  doi={10.1080/00139254.1969.10801466}
}


@article{schroeder2016big,
  title={Big Data and Communication Research},
  author={Schroeder, Ralph and Schroeder, Regina},
  journal={Oxford Research Encyclopedia of Communication},
  number={June},
  pages={1--22},
  year={2016},
  doi={10.1093/acrefore/9780190228613.013.276}
}


@article{schuur2015climate,
  title={Climate Change And The Permafrost Carbon Feedback},
  author={Schuur, Edward A G and McGuire, Anthony D and Schädel, Christina and Grosse, Guido and Harden, Jennifer W and Hayes, Daniel J and ... Vonk, Jorien E},
  journal={Nature},
  volume={520},
  number={7546},
  pages={171--179},
  year={2015},
  doi={10.1038/nature14338}
}


@incollection{serrao2018science,
  title={Science and Knowledge Production for Climate Change Adaptation: Challenges and Opportunities},
  author={Serrao-Neumann, Silvia and Coudrain, Aurelie},
  booktitle={Communicating Climate Change Information for Decision-Making},
  year={2018}
}




@article{shi2020climatechange,
  title={\#Climatechange vs. \#Globalwarming: Characterizing two competing climate discourses on twitter with semantic network and temporal analyses},
  author={Shi, Wenjing and Fu, Hongyu and Wang, Pei and Chen, Chao and Xiong, Jingjing},
  journal={International Journal of Environmental Research and Public Health},
  volume={17},
  number={3},
  year={2020},
  doi={10.3390/ijerph17031062}
}


@article{sisaye2021influence,
  title={The Influence Of Non-Governmental Organizations (Ngos) On The Development Of Voluntary Sustainability Accounting Reporting Rules},
  author={Sisaye, S},
  journal={Journal of Business and Socio-Economic Development},
  volume={1},
  number={1},
  pages={5--23},
  year={2021},
  doi={10.1108/JBSED-02-2021-0017}
}



@online{sisaye2021siviltoplum,
  title={Siviltoplum.gov.tr},
  author={Sisaye, S},
  year={2021},
  url={https://www.siviltoplum.gov.tr/derneklerin-faaliyet-alanlarina-gore-dagilimi#},
  urldate={2021-08-05}
}


@online{sisaye2022sotc,
  title={SOTC: Mountain Glaciers | National Snow and Ice Data Center},
  author={Sisaye, S},
  year={n.d.},
  url={https://nsidc.org/cryosphere/sotc/glacier_balance.html},
  urldate={2022-03-19}
}



@online{steentjes2017european,
  title={European Perceptions of Climate Change (EPCC)},
  author={Steentjes, K and de Laigue, E},
  year={2017},
  url={www.jpi-climate.eu}
}



@article{sundstrom2017art,
  title={The Art Of Engagement: Dialogic Strategies On Twitter},
  author={Sundstrom, Beth and Levenshus, Abbey Blake},
  journal={Journal of Communication Management},
  volume={21},
  number={1},
  pages={17--33},
  year={2017},
  doi={10.1108/JCOM-07-2015-0057}
}



@article{sahin2019turkiye,
  title={Türkiye’de Devlet-Sivil Toplum Kuruluşları İlişkisi ve Sivil Toplum Kuruluşlarına Katılım},
  author={Şahin, Oktay and Akboğa, Sefa},
  journal={International Journal of Political Science and Urban Studies},
  pages={405--427},
  year={2019},
  doi={10.14782/ipsus.623237}
}


@article{sen2018universite,
  title={Üniversite Öğrencilerinin İklim Değişikliği Ve Çevre Sorunları Konusundaki Farkındalıklarının Değerlendirilmesi: Dokuz Eylül Üniversitesi Kamu Yönetimi Örneği},
  author={Şen, Güven & Özer, Yunus Emre},
  journal={},
  pages={667--688},
  year={2018}
}


@article{taylor2014dialogic,
  title={Dialogic Engagement: Clarifying Foundational Concepts},
  author={Taylor, Maureen and Kent, Michael L.},
  journal={Journal of Public Relations Research},
  volume={26},
  number={5},
  pages={384--398},
  year={2014},
  doi={10.1080/1062726X.2014.956106}
}


@online{taylor2022csssa,
  title={The Computational Social Science Society of the Americas | CSSSA},
  author={Taylor, Maureen and Kent, Michael L.},
  year={n.d.},
  url={https://computationalsocialscience.org/},
  urldate={2022-04-12}
}


@article{thelen2021dialogic,
  title={Dialogic Communication and Thought Leadership: Twitter Use by Public Relations Agencies in the United States},
  author={Thelen, Paul D. and Robinson, Kendra L. and Yue, Carrie A. and Men, Rita L.},
  journal={Journal of Promotion Management},
  volume={27},
  number={1},
  pages={27--49},
  year={2021},
  doi={10.1080/10496491.2020.1809595}
}


@online{thelen2022quanteda,
  title={Topic models:: Tutorials for quanteda},
  author={Thelen, Paul D.},
  year={n.d.},
  url={https://tutorials.quanteda.io/machine-learning/topicmodel/},
  urldate={2022-05-19}
}


@incollection{trolliet2019awareness,
  title={From Awareness to Action: Taking into Consideration the Role of Emotions and Cognition for a Stage Toward a Better Communication of Climate Change},
  author={Trolliet, Marion and Barbier, Thibaud and Jacquet, Jennifer},
  booktitle={Addressing the Challenges in Communicating Climate Change Across Various Audiences},
  pages={47--62},
  year={2019}
}


@article{turkes2001kuresel,
  title={Küresel iklimin korunması, İklim Değişikliği Çerçeve Sözleşmesi ve Türkiye},
  author={Türkeş, Mustafa},
  journal={TMMOB Makina Mühendislieri Odası},
  number={61},
  pages={14--29},
  year={2001}
}



@article{turkes2004avrupa,
  title={Avrupa Birliği’nin İklim Değişikliği Politikaları ve Önlemleri},
  author={Türkeş, Mustafa and Kılıç, Gülden},
  journal={Çevre, Bilim ve Teknoloji, Teknik Dergi},
  volume={2},
  pages={35--52},
  year={2004}
}



@article{turkes2000kyoto,
  title={Kyoto Protokolü Esneklik Mekanizmaları},
  author={Türkeş, Mustafa and Sümer, Umut M. and Çetiner, Güngör},
  journal={Tesisat Dergisi},
  volume={52},
  pages={84--100},
  year={2000}
}





@misc{unep2016snapshot,
  title = {A Snapshot of The World’s Water Quality: Towards A Global Assessment},
  year = {2016},
  author = {{United Nations Environment Programme}},
  note = {UNEP},
}


@misc{unfccwiki,
  title = {United Nations Climate Change conference},
  howpublished = {\url{https://en.wikipedia.org/wiki/United_Nations_Climate_Change_conference#2021:_COP_26/CMP_16/CMA_3,_Glasgow,_United_Kingdom}},
  note = {Accessed on October 23, 2022},
}


@misc{turkeywildfireswiki,
  title = {Türkiye 2021 Orman Yangınları},
  howpublished = {\url{https://tr.wikipedia.org/wiki/2021_T%C3%BCrkiye_orman_yang%C4%B1nlar%C4%B1}},
  note = {Accessed on July 9, 2022},
}


@article{wang2020dialogic,
  title = {Dialogic Communication On Social Media: How Organizations Use Twitter To Build Dialogic Relationships With Their Publics},
  author = {Wang, Y. and Yang, Y.},
  journal = {Computers in Human Behavior},
  year = {2020},
  pages = {104},
  doi = {10.1016/j.chb.2019.106183},
}


@article{wang2015sports,
  title = {How Do Sports Organizations Use Social Media to Build Relationships? A Content Analysis of NBA Clubs’ Twitter Use},
  author = {Wang, Y. and Zhou, S.},
  journal = {International Journal of Sport Communication},
  year = {2015},
  volume = {8},
  number = {2},
  pages = {133-148},
  doi = {10.1123/IJSC.2014-0083},
}


@article{weiskopf2020climate,
  title = {Climate Change Effects On Biodiversity, Ecosystems, Ecosystem Services, And Natural Resource Management İn The United States},
  author = {Weiskopf, S. R. and Rubenstein, M. A. and Crozier, L. G. and Gaichas, S. and Griffis, R. and Halofsky, J. E. and Whyte, K. P.},
  journal = {Science of The Total Environment},
  year = {2020},
  pages = {733},
  doi = {10.1016/J.SCITOTENV.2020.137782},
}


@article{werker2008nongovernmental,
  title = {What Do Nongovernmental Organizations Do?},
  author = {Werker, Eric and Ahmed, Faisal Z.},
  journal = {Journal of Economic Perspectives},
  year = {2008},
  volume = {22},
  number = {2},
  pages = {73-92},
  doi = {10.1257/jep.22.2.73},
}



@misc{unclimatechange,
  title = {What Is Climate Change?},
  howpublished = {\url{https://www.un.org/en/climatechange/what-is-climate-change}},
  note = {Accessed on October 22, 2022},
}


@article{willis2009biodiversity,
  title = {Biodiversity and Climate Change},
  author = {Willis, Kathy J. and Bhagwat, Shonil A.},
  journal = {Science},
  year = {2009},
  volume = {326},
  number = {5954},
  pages = {806-807},
  doi = {10.1126/SCIENCE.1178838},
}


@misc{wright2017tracking,
  title = {Tracking How Social and Other Digital Media are Being Used in Public Relations Practice: A Twelve-Year Study},
  author = {Wright, Don and Hinson, Michelle D.},
  year = {2017},
}


@article{yagmurlu2019dijital,
  title = {Dijital Diplomasi: Kamu Diplomasisi Çerçevesinden Avrupa Birliği Üye Ülkeleri ve Türkiye Dışişleri Bakanlıkları İnternet Uygulamaları},
  author = {Yağmurlu, Ali},
  journal = {Gümüşhane Üniversitesi İletişim Fakültesi Elektronik Dergisi},
  year = {2019},
  volume = {7},
  number = {2},
  pages = {1267-1295},
  doi = {10.19145/E-GIFDER.554946},
}


@misc{yalim2012kentlerde,
  title = {Kentlerde Çevre Bilincinin Oluşturulması Sürecinde Bir Halkla İlişkiler Aracı Olarak Festivallerden Yararlanılması: İstanbul ECOFEST’E Katılanlar Üzerine Bir Araştırma},
  author = {Yalım, Funda and Kurban, Sema},
  year = {2012},
}


@book{yildirim2018sosyal,
  title = {Sosyal Bilimlerde Nitel Araştırma Yöntemleri},
  edition = {11th},
  author = {Yıldırım, Ali and Şimşek, Hüseyin},
  year = {2018},
  address = {Eskişehir},
  publisher = {Seçkin},
}



@misc{young2013thought,
  title = {Thought Leadership: Prompting Businesses To Think And Learn},
  author = {Young, Leslie},
  year = {2013},
}




